[gd_scene load_steps=4 format=2]

[ext_resource path="res://scripts/card.gd" type="Script" id=1]
[ext_resource path="res://textures/kumpu_version.png" type="Texture" id=2]
[ext_resource path="res://textures/empty.png" type="Texture" id=3]

[node name="card" type="Position2D" groups=[
"card",
]]

script = ExtResource( 1 )
_sections_unfolded = [ "Transform" ]
suit = 0
card = 0
face_up = false
place = false
offset_pos = Vector2( 0, 42 )
isDeck = false
ruleID = 0

[node name="card" type="Sprite" parent="." index="0"]

scale = Vector2( 3, 3 )
texture = ExtResource( 2 )
vframes = 5
hframes = 13
frame = 53
_sections_unfolded = [ "Animation", "Transform" ]

[node name="empty" type="Sprite" parent="." index="1"]

visible = false
self_modulate = Color( 1, 1, 1, 0.475137 )
scale = Vector2( 3, 3 )
texture = ExtResource( 3 )
_sections_unfolded = [ "Transform", "Visibility" ]

[node name="Button" type="Button" parent="." index="2"]

self_modulate = Color( 1, 1, 1, 0 )
anchor_left = 0.0
anchor_top = 0.0
anchor_right = 0.0
anchor_bottom = 0.0
margin_left = -48.0
margin_top = -72.0
margin_right = 48.0
margin_bottom = 72.0
rect_pivot_offset = Vector2( 0, 0 )
rect_clip_content = false
focus_mode = 2
mouse_filter = 0
mouse_default_cursor_shape = 0
size_flags_horizontal = 1
size_flags_vertical = 1
toggle_mode = false
enabled_focus_mode = 2
shortcut = null
group = null
flat = false
align = 1
_sections_unfolded = [ "Material", "Visibility" ]

[node name="offset" type="Position2D" parent="." index="3"]

position = Vector2( 0, 42 )
_sections_unfolded = [ "Transform" ]

[node name="debug" type="Control" parent="." index="4"]

visible = false
anchor_left = 0.0
anchor_top = 0.0
anchor_right = 0.0
anchor_bottom = 0.0
margin_right = 40.0
margin_bottom = 40.0
rect_pivot_offset = Vector2( 0, 0 )
rect_clip_content = false
mouse_filter = 2
mouse_default_cursor_shape = 0
size_flags_horizontal = 1
size_flags_vertical = 1
_sections_unfolded = [ "Mouse", "Visibility" ]

[node name="np" type="NinePatchRect" parent="debug" index="0"]

show_behind_parent = true
anchor_left = 0.0
anchor_top = 0.0
anchor_right = 0.0
anchor_bottom = 0.0
margin_left = -4.0
margin_top = 52.0
margin_right = 14.0
margin_bottom = 69.0
rect_pivot_offset = Vector2( 0, 0 )
rect_clip_content = false
mouse_filter = 2
mouse_default_cursor_shape = 0
size_flags_horizontal = 1
size_flags_vertical = 1
texture = ExtResource( 3 )
patch_margin_left = 8
patch_margin_top = 4
patch_margin_right = 4
patch_margin_bottom = 4
_sections_unfolded = [ "Patch Margin", "Visibility" ]

[node name="np2" type="NinePatchRect" parent="debug" index="1"]

show_behind_parent = true
anchor_left = 0.0
anchor_top = 0.0
anchor_right = 0.0
anchor_bottom = 0.0
margin_left = 14.0
margin_top = 52.0
margin_right = 32.0
margin_bottom = 69.0
rect_pivot_offset = Vector2( 0, 0 )
rect_clip_content = false
mouse_filter = 2
mouse_default_cursor_shape = 0
size_flags_horizontal = 1
size_flags_vertical = 1
texture = ExtResource( 3 )
patch_margin_left = 8
patch_margin_top = 4
patch_margin_right = 4
patch_margin_bottom = 4
_sections_unfolded = [ "Patch Margin", "Visibility" ]

[node name="Label" type="Label" parent="debug" index="2"]

anchor_left = 0.0
anchor_top = 0.0
anchor_right = 0.0
anchor_bottom = 0.0
margin_left = -43.0
margin_top = 37.0
margin_right = 35.0
margin_bottom = 51.0
rect_pivot_offset = Vector2( 0, 0 )
rect_clip_content = false
mouse_filter = 2
mouse_default_cursor_shape = 0
size_flags_horizontal = 1
size_flags_vertical = 4
custom_colors/font_color = Color( 0.148438, 1, 0, 1 )
custom_colors/font_color_shadow = Color( 0, 0, 0, 1 )
text = "card"
percent_visible = 1.0
lines_skipped = 0
max_lines_visible = -1
_sections_unfolded = [ "custom_colors" ]

[node name="NinePatchRect" type="NinePatchRect" parent="debug/Label" index="0"]

show_behind_parent = true
anchor_left = 0.0
anchor_top = 0.0
anchor_right = 0.0
anchor_bottom = 0.0
margin_left = -3.0
margin_top = -2.0
margin_right = 81.0
margin_bottom = 15.0
rect_pivot_offset = Vector2( 0, 0 )
rect_clip_content = false
mouse_filter = 2
mouse_default_cursor_shape = 0
size_flags_horizontal = 1
size_flags_vertical = 1
texture = ExtResource( 3 )
patch_margin_left = 8
patch_margin_top = 4
patch_margin_right = 4
patch_margin_bottom = 4
_sections_unfolded = [ "Patch Margin", "Visibility" ]

[node name="Label2" type="Label" parent="debug" index="3"]

editor/display_folded = true
anchor_left = 0.0
anchor_top = 0.0
anchor_right = 0.0
anchor_bottom = 0.0
margin_left = -36.0
margin_top = 20.0
margin_right = 42.0
margin_bottom = 34.0
rect_pivot_offset = Vector2( 0, 0 )
rect_clip_content = false
mouse_filter = 2
mouse_default_cursor_shape = 0
size_flags_horizontal = 1
size_flags_vertical = 4
custom_colors/font_color = Color( 0.148438, 1, 0, 1 )
custom_colors/font_color_shadow = Color( 0, 0, 0, 1 )
percent_visible = 1.0
lines_skipped = 0
max_lines_visible = -1
_sections_unfolded = [ "Rect", "custom_colors" ]

[node name="NinePatchRect" type="NinePatchRect" parent="debug/Label2" index="0"]

show_behind_parent = true
anchor_left = 0.0
anchor_top = 0.0
anchor_right = 0.0
anchor_bottom = 0.0
margin_left = -3.0
margin_top = -2.0
margin_right = 81.0
margin_bottom = 15.0
rect_pivot_offset = Vector2( 0, 0 )
rect_clip_content = false
mouse_filter = 2
mouse_default_cursor_shape = 0
size_flags_horizontal = 1
size_flags_vertical = 1
texture = ExtResource( 3 )
patch_margin_left = 8
patch_margin_top = 4
patch_margin_right = 4
patch_margin_bottom = 4
_sections_unfolded = [ "Patch Margin", "Visibility" ]

[node name="Label3" type="Label" parent="debug" index="4"]

anchor_left = 0.0
anchor_top = 0.0
anchor_right = 0.0
anchor_bottom = 0.0
margin_left = -31.0
margin_top = -88.0
margin_right = 47.0
margin_bottom = -74.0
rect_pivot_offset = Vector2( 0, 0 )
rect_clip_content = false
mouse_filter = 2
mouse_default_cursor_shape = 0
size_flags_horizontal = 1
size_flags_vertical = 4
custom_colors/font_color = Color( 0.148438, 1, 0, 1 )
custom_colors/font_color_shadow = Color( 0, 0, 0, 1 )
percent_visible = 1.0
lines_skipped = 0
max_lines_visible = -1
_sections_unfolded = [ "Rect", "Visibility", "custom_colors" ]

[node name="NinePatchRect" type="NinePatchRect" parent="debug/Label3" index="0"]

show_behind_parent = true
anchor_left = 0.0
anchor_top = 0.0
anchor_right = 0.0
anchor_bottom = 0.0
margin_left = -3.0
margin_top = -2.0
margin_right = 81.0
margin_bottom = 15.0
rect_pivot_offset = Vector2( 0, 0 )
rect_clip_content = false
mouse_filter = 2
mouse_default_cursor_shape = 0
size_flags_horizontal = 1
size_flags_vertical = 1
texture = ExtResource( 3 )
patch_margin_left = 8
patch_margin_top = 4
patch_margin_right = 4
patch_margin_bottom = 4
_sections_unfolded = [ "Patch Margin", "Visibility" ]

[node name="Label4" type="Label" parent="debug" index="5"]

anchor_left = 0.0
anchor_top = 0.0
anchor_right = 0.0
anchor_bottom = 0.0
margin_left = -38.0
margin_top = 54.0
margin_right = -9.0
margin_bottom = 68.0
rect_pivot_offset = Vector2( 0, 0 )
rect_clip_content = false
mouse_filter = 2
mouse_default_cursor_shape = 0
size_flags_horizontal = 1
size_flags_vertical = 4
custom_colors/font_color = Color( 0.148438, 1, 0, 1 )
custom_colors/font_color_shadow = Color( 0, 0, 0, 1 )
text = "0"
percent_visible = 1.0
lines_skipped = 0
max_lines_visible = -1
_sections_unfolded = [ "Rect", "custom_colors" ]

[node name="NinePatchRect" type="NinePatchRect" parent="debug/Label4" index="0"]

show_behind_parent = true
anchor_left = 0.0
anchor_top = 0.0
anchor_right = 0.0
anchor_bottom = 0.0
margin_left = -3.0
margin_top = -2.0
margin_right = 34.0
margin_bottom = 15.0
rect_pivot_offset = Vector2( 0, 0 )
rect_clip_content = false
mouse_filter = 2
mouse_default_cursor_shape = 0
size_flags_horizontal = 1
size_flags_vertical = 1
texture = ExtResource( 3 )
patch_margin_left = 8
patch_margin_top = 4
patch_margin_right = 4
patch_margin_bottom = 4
_sections_unfolded = [ "Patch Margin", "Visibility" ]

[connection signal="button_down" from="Button" to="." method="_on_Button_button_down"]


